Cazenave, Tristan, and Nicolas Jouandeau. "Towards deadlock free Sokoban." (2010).
